%% $Id$
%%bibtexfile {
%% author    = ``Greg J. Badros'',
%% version   = ``$Id'',
%% date      = ``10 October 2002''
%% filename  = ``general-exam.bib''
%%}

\hyphenation{Post-Script}
%\include{strings.bib}

@string{ora = "O'Reilly \& Associates, Inc."}
@string{ora:adr = "Sebastopol, California"}
@string{aw = {{Ad\-di\-son-Wes\-ley}}}
@string{aw:adr = {Reading, Massachusetts}}
@string{cacm = "Communications of the ACM"}
@string{ph = {Prentice-Hall}}
@string{ph:adr = "Englewood Cliffs, New Jersey"}
@string{jws = "John Wiley and Sons"}
@string{jws:adr = "New York"}
@string{hrw = "Holt, Rinehart and Winston"}
@string{hrw:adr = "Fort Worth"}
@string{cup = "Cambridge University Press"}
@string{cup:adr = "Cambridge"}
@string{sfc = "Scott, Foresman and Company"}
@string{sfc:adr = "Glenview, Illinois"}
@string{mitp = "MIT Press"}
@string{mitp:adr = "Cambridge, Massachusetts"}
@string{mp = "Microsoft Press"}
@string{mp:adr = {Redmond, Washington}}
@string{bb = {Bantam Books}}
@string{bb:adr = {New York}}
@string{wiley = {John Wiley and Sons}}
@string{wiley:adr = {New York}}
@string{bc = {Benjamin/Cummings Publishing Company}}
@string{bc:adr = {Redwood City, California}}
@string{brady = {Brady Books}}
@string{brady:adr = {New York}}
@string{omh = {Osborne-McGraw Hill}}
@string{omh:adr = {Berkeley}}
@string{mh = {McGraw-Hill}}
@string{mh:adr = {New York}}
@string{que = {QUE Corporation}}
@string{que:adr = {Carmel, Indiana}}
@string{sams = {Sams}}
@string{sams:adr = {Carmel, Indiana}}
@string{crc = {CRC Press}}
@string{crc:adr = {Boca Raton, Florida}}
@string{mm = {Macmillan Publishing Company}}
@string{mm:adr = {New York}}
@string{ssp = {SunSoft Press}}
@string{ssp:adr = {Mountainview, California}}
@string{springer = {Springer}}
@string{springer:adr = {New York}}
@string{dch = {D. C. Heath and Company}}
@string{dch:adr = {Lexington, Massachusetts}}
@string{dp = {Digital Press}}
@string{dp:adr = {}}
@string{sv = {Springer Verlag}}
@string{sv:adr = {Heidelberg, Germany}}
@string{kap = {Kluwer Academic Publishers}}
@string{kap:adr = {Boston, Massachusetts}}

@string{spe = {Software---Practice and Experience}}
@string{cuj = {The C Users Jornal}}
@string{uw = {University of Washington}}
@string{uw:adr = {Seattle, Washington}}
@string{brown = {Brown University}}
@string{brown:adr = {Providence, Rhode Island}}
@string{columbia = {Columbia University}}
@string{columbia:adr = {New York}}
@string{cmu = {Carnegie Mellon University}}
@string{cmu:adr = {Pittsburgh, Pennsylvania}}
@string{att = {{AT\&T} Bell Laboratories}}
@string{decsrc = {Digital Systems Research Center}}
@string{decsrc:adr = {Palo Alto, California}}

@string{ACMToCS = {{ACM} Transactions on Computer System}}
@string{ACMToG = {{ACM} Transactions on Graphics}}
@string{ACMToSEM = {{ACM} Transactions on Software Engineering and Methodology}}
@string{ACMToIS = {{ACM} Transactions on Information Systems}}
@string{ACMToPLAS = {{ACM} Transactions on Programming Languages and Systems}}
@string{hci = {Human-Computer Interaction}}

@string{jan = {January}}
@string{feb = {February}}
@string{mar = {March}}
@string{apr = {April}}
@string{may = {May}}
@string{jun = {June}}
@string{jul = {July}}
@string{aug = {August}}
@string{sep = {September}}
@string{oct = {October}}
@string{nov = {November}}
@string{dec = {December}}


%%%% Begin primary papers

@Misc{nsf-www-research,
  editor =	 {Foley, Jim and Pitkow, James},
  title =	 {Research Priorities for the World-Wide Web},
  howpublished = {Online report of NSF Workshop},
  month =	 {October},
  year =	 1994,
  note =	 {\url{http://www.cc.gatech.edu/gvu/nsf-ws/report/Report.html}}
}


@Misc{Amaya,
  author =	 {W3 Consortium},
  title =	 {Amaya Web Browser Software},
  howpublished = {Web page},
  month =	 {October},
  year =	 1998,
  note =	 {\url{http://www.w3.org/Amaya}}
}


@Misc{Scwm,
  author =	 {Badros, Greg J. and Stachowiak, Maciej},
  title =	 {Scwm---{T}he {S}cheme {C}onstraints {W}indow {M}anager},
  howpublished = {Web page},
  year =         {1999},
  note =	 {\url{http://scwm.mit.edu/scwm/}}
}

@misc{lie-w3c-96,
   author = {H{\aa}kon Wium Lie and Bert Bos},
   title = {Cascading Style Sheets, level 1},
   year = 1996,
   month = dec,
   howpublished = {W3C Recommendation},
   note = {\url{http://www.w3.org/pub/WWW/TR/PR-CSS1/}}
}

@misc{lie-w3c-css2,
   author = {Bert Bos and H{\aa}kon Wium Lie and Chris Lilley and Ian Jacobs},
   title = {Cascading Style Sheets, level 2},
  year = 1998,
   month = jan,
   howpublished = {W3C Working Draft},
   note = {\url{http://www.w3.org/TR/WD-css2/}}
}

@InProceedings{dcc94,
  author = 	 {Salmon Azhar and Greg J. Badros and Arman Glodjo and M. Kao and John Reif},
  title = 	 {Data Compression Techniques for Stock Market Prediction},
  booktitle = 	 {Proceedings of 1994 Data Compression Conference},
  pages =	 {72--82},
  year =	 1994,
  address =	 {Snowbird, Utah},
  month =	 {March}
}

@Misc{Guile,
  author =	 {FSF},
  title =	 {Guile---{T}he {GNU} {U}biquitous {I}ntelligent {L}anguage for {E}xtension},
  howpublished = {Web page},
  year =         {1999},
  note =	 {\url{http://www.gnu.org/software/guile/guile.html}}
}


@Book{Bentley82,
  author = 	 "Bentley, Jon",
  title = 	 "Writing Efficient Programs",
  publisher = 	 ph,
  year = 	 1982,
  address =	 ph:adr
}

@Book{Bentley86,
  author = 	 "Bentley, Jon",
  title = 	 "Programming Pearls",
  publisher = 	 aw,
  year = 	 1982,
  address =	 aw:adr
}

@Book{Brooks95,
  author = 	 "Brooks, Frederick P. Jr.",
  title = 	 "The Mythical Man-Month",
  publisher = 	 aw,
  year = 	 1995,
  address =	 aw:adr,
  edition =	 "Anniversary"
}

@Book{Camel,
  author = 	 "Wall, Larry and Christiansen, Tom and Schwartz, Randal L.",
  title = 	 "Programming Perl",
  publisher = 	 ora,
  year = 	 1996,
  address =	 ora:adr
}

@Book{Camel3rd,
  author = 	 "Wall, Larry and Christiansen, Tom and Orwant, Jon",
  title = 	 "Programming Perl",
  publisher = 	 ora,
  year = 	 2000,
  address =	 ora:adr,
  edition =      "3rd"
}

@Book{Carroll95,
  author = 	 {Carroll, Martin and Ellis, Margaret},
  title = 	 {Designing and Coding Reusable C++},
  publisher = 	 aw,
  year = 	 1995
}

@Book{GEB,
  author = 	 "Hofstadter, Douglas R.",
  title = 	 "G{\"o}del, Escher, Bach: an Eternal Golden Braid",
  publisher = 	 "Basic Books, Inc.",
  year = 	 1979,
  address =	 "New York"
}

@Book{Arnold98,
  author =	 {Ken Arnold and James Gosling},
  title =	 "The Java Programming Language",
  year =	 1998,
  publisher = 	 aw,
  address =	 aw:adr
}

@Misc{JavaLanguage,
  author =	 {{Sun Microsystems}},
  title =	 "The Java Language Specification",
  howpublished = "Electronic Distribution",
  year =	 1994,
  month =	 "March",
  note =	 "\url{http://java.sun.com}"
}

@Book{Kernighan88,
  author = 	 "Kernighan, Brian W. and Ritchie, Dennis M.",
  title = 	 "The C Programming Language",
  publisher = 	 ph,
  year = 	 1988,
  address =	 ph:adr,
  edition =	 "2nd"
}

@Book{Knuth92,
  author = 	 "Knuth, Donald E.",
  title = 	 "Literate Programming",
  publisher = 	 "Leland Stanford Junior University",
  year = 	 1992,
  address =	 "Stanford, California"
}

@Book{MacLennan87,
  author = 	 "MacLennan, Bruce J.",
  title = 	 "Principles of Programming Languages",
  publisher = 	 hrw,
  year = 	 1987,
  address =	 hrw:adr,
  edition =	 "2nd"
}

@Book{Maguire93,
  author = 	 "Maguire, Steven",
  title = 	 "Writing Solid Code",
  publisher = 	 mp,
  year = 	 1993,
  address =	 mp:adr
}

@Book{McConnell93,
  author = 	 "McConnell, Steve",
  title = 	 "Code Complete",
  publisher = 	 mp,
  year = 	 1993,
  address =	 mp:adr
}

@Book{Meyer92,
  author = 	 "Meyer, Bertrand",
  title = 	 "Eiffel: The Language",
  publisher = 	 ph,
  year = 	 1992,
  address =	 ph:adr
}


@Book{Meyers92,
  author = 	 "Meyers, Scott",
  title = 	 "Effective C++",
  publisher = 	 aw,
  year = 	 1992,
  address =	 aw:adr
}

@Book{Meyers96,
  author = 	 {Meyers, Scott},
  title = 	 {More Effective C++},
  publisher = 	 aw,
  year = 	 1996,
  address =	 aw:adr
}

@Book{Norman88,
  author = 	 {Norman, Donald A.},
  title = 	 {The Design of Everyday Things},
  publisher = 	 {Doubleday},
  year = 	 1988,
  address =	 {New York}
}

@Book{Steele90,
  author = 	 "Steele, Guy L. Jr.",
  title = 	 "Common Lisp: The Language",
  publisher = 	 dp,
  year = 	 1990,
  address =      dp:adr,
  edition =	 "2nd"
}

@Book{Stroustrup97,
  author = 	 "Stroustrup, Bjarne",
  title = 	 "The C++ Programming Language",
  publisher = 	 aw,
  year = 	 1997,
  address =	 aw:adr,
  edition =	 "3rd"
}

@Book{Stroustrup94,
  author = 	 "Stroustrup, Bjarne",
  title = 	 "The Design and Evolution of C++",
  publisher = 	 aw,
  year = 	 1994,
  address =	 aw:adr
}

@Book{Glickstein97,
  author = 	 {Glickstein, Bob},
  title = 	 {Writing {GNU} Emacs Extensions},
  publisher = 	 ora,
  address = 	 ora:adr,
  year = 	 1997
}

@Book{Hall98,
  author =	 {Hall, Joseph N. with Randal L. Schwartz},
  title = 	 {Effective Perl Programming},
  publisher = 	 aw,
  year = 	 1998,
  address =	 aw:adr
}

@Book{Lippman96,
  author =	 {Lippman, Stanley B.},
  title = 	 {Inside the C++ Object Model},
  publisher = 	 aw,
  year = 	 1996,
  address =	 aw:adr
}

@Book{connolly98,
  editor =	 {Connolly, Dan},
  title = 	 {{XML}: Principles, Tools, and Techniques},
  publisher = 	 ora,
  addresss = 	 ora:adr,
  year = 	 1998
}

@Book{koenig98,
  author =	 {Koenig, Andrew and Barbara Moo},
  title = 	 {Ruminations on C++},
  publisher = 	 aw,
  year = 	 1998,
  address =	 aw:adr
}

@Book{ReissField,
  author =	 {Reiss, Steve},
  title = 	 {The {Field} Programming Environment:  A Friendly Integrated Environment for Learning and Development},
  publisher = 	 {Kluwer Academic Publishers},
  year = 	 1995,
  address =	 {Hingham, Massachusetts}
}

@Manual{R5RS,
  title = 	 {Revised 5 Report on the Algorithmic Language Scheme},
  author =	 {Richard Kelsey, William Clinger and Jonathan Rees},
  month =	 {February},
  year =	 1998,
  annote =	 {\url{http://www-swiss.ai.mit.edu/ftpdir/scheme-reports/r5rs.ps}}
}

@Book{Nielson94,
  author =	 {Jakob Nielson},
  title = 	 {Usability Engineering},
  publisher = 	 {Morgan Kaufmann},
  year = 	 1994
}

@Book{Goldfarb98,
  author =	 {Charles F. Goldfarb and Paul Prescod},
  title = 	 {The {XML} Handbook},
  publisher = 	 {Prentice Hall {PTR}},
  year = 	 1998
}

@Book{Goosens99,
  author =	 {Michael Goosens and Sebastian Rahtz},
  title = 	 {The \LaTeX{} Web Companion},
  publisher = 	 {Addison Wesley Longman},
  year = 	 1999
}

@Book{pro_php,
  author =	 {Jesus Castagnetto and Harish Rawat and Sascha Schumann and Chris Scollo and Deepak Veliath},
  title = 	 {Professional {PHP} Programming},
  publisher = 	 {Wrox Press},
  year = 	 1999,
  address =	 {Birmingham, United Kingdom}
}

@Article{ErnstBadrosNotkin02,
  author = 	 {Ernst, Michael and Badros, Greg J. and Notkin, David},
  journal = 	 {{IEEE} Transactions on Software Engineering},
  title = 	 {An Empirical Analysis of {C} Preprocessor Use},
  note =         {To appear.},
  year =	 2002
}


\newcommand{\pcp}{\mbox{\textsf{PCp}$^3$}}

@Unpublished{Quals,
  author = 	 {Badros, Greg J.},
  title = 	 {{PCp$^3$}: A {C} Front End for Preprocessor Analysis and Transformation},
  note = 	 {Qualifying Exam Paper, University of Washington
                  Department of Computer Science and Engineering},
  month =	 {October},
  year =	 1997
}

@Article{Badros00-spe,
  author = 	 {Badros, Greg J. and Notkin, David},
  title = 	 {A Framework for Preprocessor- Aware {C} Source Code Analyses},
  journal = 	 {Software---Practice and Experience},
  year = 	 2000,
}

@InProceedings{Siff96,
  author = 	 {Siff, Michael and Reps, Thomas},
  title = 	 {Program Generalization for Software Reuse: From {C} to {C++}},
  booktitle = 	 {Sigsoft 96},
  year =	 1996,
  organization = {Sigsoft}
}

@InProceedings{Crew97,
  author = 	 {Crew, Roger F.},
  title = 	 {{ASTLOG}: A language for Examining Abstract Syntax Trees},
  booktitle = 	 {Proceedings of the USENIX Conference on Domain-Specific Languages},
  year =	 1997,
  address =	 {Santa Barbara, California},
  month =	 {October}
}

@InProceedings{Weise93,
  author = 	 {Weise, Daniel and Crew, Roger},
  title = 	 {Programmable Syntax Macros},
  booktitle = 	 {Proceedings of the ACM conference on Programming Language Design and Implementation},
  year =	 1993,
  address =	 {Alburquerque, New Mexico}
}

@Article{Purtilo89,
  author = 	 {Purtilo, James J. and Callahan, John R.},
  title = 	 {Parse-Tree Annotations},
  journal = 	 cacm,
  year = 	 1989,
  volume =	 32,
  number =	 12,
  pages =	 {1467--1477},
  month =	 {December}
}

@TechReport{Stallman81,
  author = 	 {Richard M. Stallman},
  title = 	 {{EMACS}: The Extensible, Customizable Display Editor},
  institution =  {Massachusetts Institute of Technology Artificial Intelligence Laboratory},
  year = 	 1981,
  number =	 {519a},
  month =	 {March},
  note =	 {\url{http://www.gnu.org/software/emacs/emacs-paper.html}}
}

@Misc{SAX,
  author =	 {{Megginson Technologies}},
  title =	 {{SAX} 1.0: The Simple {API} for {XML}},
  howpublished = {Web document},
  year =	 1999,
  note =	 {\url{http://www.megginson.com/SAX}}
}

%% editors
@Misc{XMLSchema1,
  author =	 {Henry S. Thompson and David Beech and Murray Maloney and Noah Mendelsohn},
  title =	 {{XML} Schema Part 1: Structures},
  howpublished = {{W3C} Working Draft},
  month =	 {November},
  year =	 1999,
  note =	 {\url{http://www.w3.org/TR/xmlschema-1}}
}

%% editors
@Misc{XMLSchema2,
  author =	 {Paul V. Biron and Ashok Malhotra},
  title =	 {{XML} Schema Part 2: Datatypes},
  howpublished = {{W3C} Working Draft},
  month =	 {November},
  year =	 1999,
  note =	 {\url{http://www.w3.org/TR/xmlschema-2}}
}

%% editors
@Misc{XPath,
  author =	 {James Clark and Steve DeRose},
  title =	 {{XML} Path Language (XPath) Version 1.0},
  howpublished = {{W3C} Recommendation},
  month =	 {November},
  year =	 1999,
  note =	 {\url{http://www.w3.org/TR/xpath}}
}

%% editor
@Misc{XML,
  author =	 {Tim Bray and Jean Paoli and C. M. Sperberg-McQueen},
  title =	 {Extensible Markup Language ({XML}) 1.0},
  howpublished = {{W3C} Recommendation},
  month =	 {February},
  year =	 1998,
  note =	 {\url{http://www.w3.org/TR/REC-xml}}
}



@Misc{XML-infoset,
  author =	 {John Cowan and Richard Tobin},
  title =	 {{XML} Information Set},
  month =	 {October},
  year =	 2001,
  note =	 {\url{http://www.w3.org/TR/xml-infoset/}}
}

%% editor
@Misc{XSL,
  author =	 {Stephen Deach},
  title =	 {Extensible Stylesheet Language ({XSL}) Specification},
  howpublished = {{W3C} Working Draft},
  month =	 {January},
  year =	 2000,
  note =	 {\url{http://www.w3.org/TR/WD-xsl}}
}


%% editor
@Misc{XSLT,
  author =	 {James Clark},
  title =	 {{XSL} Transformations},
  howpublished = {{W3C} Recommendation},
  month =	 {November},
  year =	 1999,
  note =	 {\url{http://www.w3.org/TR/xslt/}}
}


@Misc{XQuery,
  author =	 {Scott Boag and Don Chamberlin and Mary F. Fernandez and Daniela Florescu and Jonathan Robie and J\'{e}r\^{o}me Sim\'{e}on},
  title =	 {{XQuery} 1.0: An {XML} Query Language},
  howpublished = {{W3C} Working Draft},
  month =	 {August},
  year =	 2002,
  note =	 {\url{http://www.w3.org/TR/xquery/}}
}

@Misc{XInclude,
  author =	 {Jonathan Marsh and David Orchard},
  title =	 {{XML} Inclusions 1.0},
  howpublished = {{W3C} Candidate Recommendation,
  month =	 {September},
  year =	 2002,
  note =	 {\url{http://www.w3.org/TR/2002/CR-xinclude-20020917/}}
}


@Misc{SGML,
  author =	 {ISO},
  title =	 {Standard Generalized Markup Language ({SGML})},
  howpublished = {ISO 8879},
  year =	 1986,
  note =	 {\url{http://www.iso.ch/cate/d16387.html}}
}



@misc{CSS2,
   author = {Bert Bos and H{\aa}kon Wium Lie and Chris Lilley and Ian Jacobs},
   title = {Cascading Style Sheets, level 2},
   year = 1998,
   month = jan,
   howpublished = {W3C Working Draft},
   note = {\url{http://www.w3.org/TR/WD-css2/}}
}

@Misc{Simonyi96,
  author =	 {Charles Simonyi},
  title =	 {Intentional Programming - Innovation in the Legacy Age},
  howpublished = {International Federation for Information Processing WG 2.1 meeting},
  month =	 {June},
  year =	 1996
}

@InProceedings{Badros-www9,
  author = 	 {Greg J. Badros},
  title = 	 {{JavaML}: A Markup Language for Java Source Code},
  booktitle = 	 {Proc. of the Ninth Intl. Conf. on the World Wide Web},
  year =	 2000,
  address =	 {Amsterdam},
  month =	 {May},
  publisher =	 {Elsevier Science B. V.},
  note =	 {\url{http://www.cs.washington.edu/homes/gjb/JavaML}}
}


@Misc{CGI11,
  author =	 {{NCSA Software Dev. Group}},
  title =	 {The {CGI} 1.1 Specification},
  howpublished = {Web page},
  note =	 {\url{http://hoohoo.ncsa.uiuc.edu/cgi/interface.html}}
}



@Misc{Apache,
  author =	 {{Apache Foundation}},
  title =	 {Apache {HTTP} Server Version 2.0 Documentation},
  howpublished = {Web page},
  year =	 2002,
  note =	 {\url{http://httpd.apache.org/docs-2.0/}}
}



@Misc{JSP12,
  author =       {Eduardo Pelegri-Llopart},
  title =	 {Java Server Pages 1.2 Specification},
  note =	 {\url{http://www.jcp.org/aboutJava/communityprocess/final/jsr053/}}
}


@Misc{JavaServlet23,
  author =       {Danny Coward},
  title =	 {Java Servlet 2.3 Specification},
  note =	 {\url{http://www.jcp.org/aboutJava/communityprocess/final/jsr053/}}
}



@Misc{HTML-Template,
  author =	 {Sam Tregar},
  title =	 {{HTML::Template} Documentation},
  note =	 {\url{http://www.perldoc.com/cpan/HTML/Template.html}}
}

@Misc{Perl-Mason,
  author =	 {Jonathan Swartz},
  title =	 {Mason Documentation},
  howpublished = {Web page},
  note =	 {\url{http://www.masonhq.com/docs/manual/}}
}

@Misc{WML12,
  author =	 {{WAP} Forum},
  title =	 {Wireless Markup Language Specification},
  month =	 {November},
  year =	 1999,
  note =	 {\url{http://www1.wapforum.org/tech/terms.asp?doc=SPEC-WML-19991104.pdf}}
}

@Misc{HTML4,
  author =	 {Raggett, Dave and Le Hors, Arnaud and Jacobs, Ian},
  title =	 {{HTML} 4.01 Specification},
  month =	 {December},
  year =	 1999,
  annote =	 {\url{http://www.w3.org/TR/html4/}}
}



@Misc{HTMLTidy,
  author =	 {Dave Raggett and Charlie Reitzel},
  title =	 {{HTML} Tidy Library Project},
  note =	 {\url{http://tidy.sourceforge.net/}}
}

@InProceedings{Soroker97,
  author = 	 {Danny Soroker and Michael Karasick and John Barton and David Streeter},
  title = 	 {Extension Mechanisms in Montana},
  booktitle = 	 {Proceedings of 8th Israeli Conf. on Computer-Based Systems and Software Engineering},
  year =	 1997,
  month =	 {June}
}

@Misc{Eclipse,
  title =	 {Eclipse Platform Technical Overview},
  author =       {{Obj. Tech. Intl.}},
  month =	 {July},
  year =	 2001,
  note =	 {\url{http://www.eclipse.org/whitepapers/eclipse-overview.pdf}}
}



@Misc{WebServicesActivity,
  author =	 {World Wide Web Consortium},
  title =	 {Web Services Activity},
  year =	 2002,
  note =	 {\url{http://www.w3.org/2002/ws/}}
}


@InProceedings{Crane2002,
  author = 	 {Aaron Crane},
  title = 	 {Experiences of Using {PHP} in Large Websites},
  booktitle = 	 {{UKUUG} Linux Developers' Conf.},
  year =	 2002,
  address =	 {Bristol},
  month =	 {July},
  note =	 {\url{http://www.ukuug.org/events/linux2002/papers/html/php/}}
}

%%%
%http://www.brics.dk/bigwig/publications/
%http://www.brics.dk/~amoeller/

%% ASTLOG - Crew
%% CCEL - Duby, Meyers, Reiss (use XSLT to express constraints)
%% Programmable Syntax Macros -- Weise, Crew

@InProceedings{ Schonger2002,
  author =       {Stefan Schonger and Elke Pulverm{\"u}ller and Stefan Sarstedt},
  title =        {Aspect-Oriented Programming and Component Weaving: Using {XML} Representations of Abstract Syntax Trees},
  year =         {2002},
  month =        feb,
  booktitle =    {Second German AOSD Workshop},
  address =      {Bonn, Germany},
  URL =          {\url{http://www.info.uni-karlsruhe.de/~pulvermu/workshops/aosd2002/submissions/schonger.pdf}},
}

@InProceedings{Gondow2002,
  author = 	 {Katsuhiko Gondow and Hayato Kawashima},
  title = 	 {Towards {ANSI} {C} Program Slicing Using {XML}},
  booktitle = 	 {Electronic Notes in Theoretical Computer Science},
  year =	 2002,
  volume =	 {65(3)},
  note =	 {\url{http://www.cwi.nl/ftp/markvdb/entcs65.3/65.3.005.pdf}}
}

@InProceedings{Maletic2002,
  author = 	 {Jonathan Maletic and Michael Collard and Andrian Marcus},
  title = 	 {Source Code Files as Structured Documents},
  booktitle = 	 {10th Intl. Workshop on Program Comprehension},
  year =	 2002,
  address =	 {Paris},
  month =	 {June},
  note =	 {\url{http://trident.mcs.kent.edu/~collard/papers/iwpc02.pdf}}
}

@InProceedings{Zou2000,
  author = 	 {Ying Zou and Kostas Kontogiannis},
  title = 	 {Towards a Portable {XML}-based Source Code Representation},
  booktitle = 	 {Proceedings of 7th Working Conf. on Reverse Engineering},
  year =	 2000,
  address =	 {Brisbane, Queensland, Australia},
  month =	 {November},
  note =	 {\url{http://www.swen.uwaterloo.ca/~evan/Papers/wcre2000.pdf}}
}


@InProceedings{Power2002,
  author = 	 {James F. Power and Brian A Malloy},
  title = 	 {Program annotation in {XML}: a Parse-tree Based Approach},
  booktitle = 	 {Proceedings of 9th Working Conf. on Reverse Engineering},
  year =	 2002,
  address =	 {Richmond, VA},
  month =	 {November},
  note =	 {\url{http://www.cs.may.ie/~jpower/Research/Papers/2002/wcre02.pdf}}
}


@Misc{Laml-WWW2002,
  author =	 {Kurt N{\o}rmark},
  title =	 {Programmatic {WWW} authoring using Scheme and {LAML}},
  howpublished = {Web Engineering track at {WWW2002} conference},
  month =	 {May},
  year =	 2002,
  note =	 {\url{http://www.cs.auc.dk/~normark/laml/papers/www2002/p296-normark.html}}
}

@Misc{Laml,
  author =	 {Kurt N{\o}rmark},
  title =	 {Web Programming in Scheme - the {LAML} Approach},
  year =	 2002,
  note =	 {\url{http://www.cs.auc.dk/~normark/laml/papers/jfp.pdf}}
}


%% WASH -- Web Authoring System in Haskell
@Article{Thiemann2002,
  author = 	 {Peter Thiemann},
  title = 	 {A Typed Representation for {HTML} and {XML} documents in {H}askell},
  journal = 	 {Journal of Functional Programming},
  year = 	 2002,
  volume =	 12,
  number =	 {4\&5},
  pages =	 {435--468},
  month =	 {July},
  note =	 {\url{http://www.informatik.uni-freiburg.de/~thiemann/papers/modeling.ps.gz}}
}


@Article{Meijer2000,
  author = 	 {Erik Meijer},
  title = 	 {Server Side Web Scripting in {Haskell}},
  journal = 	 {Journal of Functional Programming},
  year = 	 2000,
  volume =	 10,
  number =	 1,
  month =	 {January}
}

@InProceedings{Meijer2001,
  author = 	 {Erik Meijer and Danny van Velzen},
  title = 	 {{Haskell} Server Pages: Functional Programming and the Battle for the Middle Tier},
  booktitle = 	 {Electronic Notes in Theoretical Computer Science},
  year =	 2001,
  volume =	 {41(1)},
  note =	 {\url{http://research.microsoft.com/~emeijer/Papers/HSP.pdf}}
}

@InProceedings{Hanus2001,
  author = 	 {Michael Hanus},
  title = 	 {High-Level Server Side Web Scripting in {Curry}},
  booktitle = 	 {Proceedings of the Third Intl. Symposium on Practical Aspects of Declarative Languages},
  year =	 2001,
  note =	 {\url{http://www.informatik.uni-kiel.de/~mh/publications/papers/PADL01.ps.gz}}
}

@InProceedings{VanDeVanter2001,
  author = 	 {Michael L. Van De Vanter},
  title = 	 {Preserving the Documentary Structure of Source Code in Language-based Transformation Tools},
  booktitle = 	 {{IEEE} Intl. Workshop on Source Code Analysis and Manipulation},
  year =	 2001,
  month =	 {November},
  note =	 {\url{http://research.sun.com/people/mlvdv/COM.sun.mlvdv.doc.scam_nov01.paper_pdf.pdf}}
}

@Misc{XExpr,
  author =	 {Gavin Thomas Nicol},
  title =	 {{XEXPR} -- A Scripting Language for {XML}},
  howpublished = {{W3C} Note},
  month =	 {November},
  year =	 2000,
  note =	 {\url{http://www.w3.org/TR/xexpr/}}
}

@Article{BigWig,
  author = 	 {Claus Brabrand and Anders M{\o}ller and Michael I. Schwartzbach},
  title = 	 {The \verb|<bigwig>| Project},
  journal = 	 {Transactions on Internet Technology},
  year = 	 2002,
  note =	 {\url{http://www.brics.dk/bigwig/publications/bigwig.pdf}}
}

@InProceedings{Brabrand2001,
  author = 	 {Claus Brabrand and Anders M{\o}ller and Michael I. Schwartzbach},
  title = 	 {Static Validation of Dynamically Generated {HTML}},
  booktitle = 	 {Workshop on Program Analysis for Software Tools and Engineering},
  year =	 2001,
  address =	 {Snowbirrd, Utah},
  month =	 {June},
  note =	 {\url{http://www.brics.dk/bigwig/publications/valid.pdf}}
}

@InProceedings{Brabrand2002,
  author = 	 {Claus Brabrand and Michael I. Schwartzbach},
  title = 	 {Growing Languages with Metamorphic Syntax Macros},
  booktitle = 	 {Workshop on Partial Evaluation and Semantics-based Program Manipulation},
  year =	 2002,
  address =	 {Portland, Oregon},
  note =	 {\url{http://www.brics.dk/bigwig/publications/macro.pdf}}
}

@Misc{Aitken97,
  author =	 {William Aitken and Brian Dickens and Paul Kwiatkowski and Oege de Moor and David Richter and Charles Simonyi},
  title =	 {Transformation in Intentional Programming},
  month =	 {September},
  year =	 1997,
  note =	 {\url{http://research.microsoft.com/ip/overview/TrafoInIP.pdf}}
}

@InProceedings{ScottSharp02,
  author = 	 {David Scott and Richard Sharp},
  title = 	 {Abstracting Application-Level Web Security},
  booktitle = 	 {Proc. of the 11th Intl. Conf. on the World Wide Web},
  year =	 2002,
  month =	 {May}
}

